<record><leader>00000cas a22000007a 4500</leader><controlfield tag="001">30682948</controlfield><controlfield tag="008">940628d196919uuaku x ne      0    0eng d</controlfield><datafield ind1=" " ind2=" " tag="010"><subfield code="a">sn 94050042 </subfield></datafield><datafield ind1=" " ind2=" " tag="040"><subfield code="a">ANE</subfield><subfield code="b">eng</subfield><subfield code="c">ANE</subfield><subfield code="d">OCLCQ</subfield><subfield code="d">OCLCF</subfield><subfield code="d">OCLCO</subfield></datafield><datafield ind1="1" ind2=" " tag="029"><subfield code="a">AU@</subfield><subfield code="b">000025856468</subfield></datafield><datafield ind1=" " ind2=" " tag="042"><subfield code="a">msc</subfield></datafield><datafield ind1=" " ind2=" " tag="043"><subfield code="a">n-us-ak</subfield></datafield><datafield ind1="0" ind2="0" tag="245"><subfield code="a">Whoosh-gee-een.</subfield></datafield><datafield ind1="3" ind2="0" tag="246"><subfield code="a">Whoosh-gee-sen</subfield></datafield><datafield ind1=" " ind2=" " tag="260"><subfield code="a">Juneau, Alaska :</subfield><subfield code="b">SEACAP,</subfield><subfield code="c">1969-</subfield></datafield><datafield ind1=" " ind2=" " tag="300"><subfield code="a">v.</subfield></datafield><datafield ind1=" " ind2=" " tag="310"><subfield code="a">Irregular</subfield></datafield><datafield ind1="0" ind2=" " tag="362"><subfield code="a">Vol. 1, no. 1 (July 14, 1969)-</subfield></datafield><datafield ind1=" " ind2=" " tag="500"><subfield code="a">Issue for July 14, 1969 has title: Whoosh-gee-sen.</subfield></datafield><datafield ind1=" " ind2=" " tag="500"><subfield code="a">Issued by the Southeast Alaska Community Action Program.</subfield></datafield><datafield ind1=" " ind2=" " tag="515"><subfield code="a">Beginning with no. 6, vol. numbering is dropped.</subfield></datafield><datafield ind1=" " ind2="0" tag="650"><subfield code="a">Haida Indians</subfield><subfield code="z">Alaska</subfield><subfield code="v">Newspapers.</subfield></datafield><datafield ind1=" " ind2="0" tag="650"><subfield code="a">Tlingit Indians</subfield><subfield code="z">Alaska</subfield><subfield code="v">Newspapers.</subfield></datafield><datafield ind1=" " ind2="0" tag="651"><subfield code="a">Juneau (Alaska)</subfield><subfield code="v">Newspapers.</subfield></datafield><datafield ind1=" " ind2="7" tag="655"><subfield code="a">Newspapers.</subfield><subfield code="2">fast</subfield><subfield code="0">(OCoLC)fst01423814</subfield></datafield><datafield ind1=" " ind2="7" tag="650"><subfield code="a">Haida Indians.</subfield><subfield code="2">fast</subfield><subfield code="0">(OCoLC)fst00950252</subfield></datafield><datafield ind1=" " ind2="7" tag="650"><subfield code="a">Tlingit Indians.</subfield><subfield code="2">fast</subfield><subfield code="0">(OCoLC)fst01151718</subfield></datafield><datafield ind1=" " ind2="7" tag="651"><subfield code="a">Alaska.</subfield><subfield code="2">fast</subfield><subfield code="0">(OCoLC)fst01204480</subfield></datafield><datafield ind1=" " ind2="7" tag="651"><subfield code="a">Alaska</subfield><subfield code="z">Juneau.</subfield><subfield code="2">fast</subfield><subfield code="0">(OCoLC)fst01213587</subfield></datafield><datafield ind1=" " ind2=" " tag="752"><subfield code="a">United States</subfield><subfield code="b">Alaska</subfield><subfield code="d">Juneau.</subfield></datafield></record>